% -----------------------------------------------------------------------
% File: CogSci_Template.bib
% -----------------------------------------------------------------------

% Modified : Eli M. Silk (esilk at pitt.edu)            05/24/2005
% Modified : David Noelle (dnoelle at ucmerced.edu)     11/19/2014


@Book{NewellSimon1972,
  author =	 {A. Newell and H. A. Simon},
  title =	 {Human problem solving},
  publisher =	 {Prentice-Hall},
  year =	 1972,
  address =	 {Englewood Cliffs, NJ}
}

@article{Keramati2016,
author = {Keramati, Mehdi and Smittenaar, Peter and Dolan, Raymond J and Dayan, Peter},
doi = {10.1073/pnas.1609094113},
title = {{Adaptive integration of habits into depth-limited planning defines a habitual-goal â€“ directed spectrum}},
year = {2016}
}

@article{Campitelli2004,
author = {Campitelli, Guillermo and Gobet, Fernand R.},
issn = {1389-6911},
journal = {Journal of the International Computer Games Association},
number = {1995},
pages = {209--216},
title = {{Adaptive expert decision making: Skilled chessplayers search more and deeper}},
year = {2004}
}


% -----------------------------------------------------------------------
% Document End
% -----------------------------------------------------------------------
